@book{stinson_2004, 
  place={New York}, 
  title={Combinatorial designs: constructions and analysis}, 
  publisher={Springer}, 
  author={Stinson, Douglas R.}, 
  year={2004}
}