@book{modern_computer_algebra_text, 
    place={Cambridge}, 
    edition={3},
    title={Modern Computer Algebra}, 
    publisher={Cambridge University Press}, 
    author={Gathen, Joachim von zur and Gerhard J\"{u}rgen}, 
    year={2013}
}

@article{harvey2019integer,
  title={Integer multiplication in time {$\bigO(n \log n)$}},
  author={Harvey, David and Van Der Hoeven, Joris},
  year={2019},
  note={hal-02070778}
}