@article{1911.02672,
    Author = {Tom Kelly and Luke Postle},
    Title = {A local epsilon version of Reed's Conjecture},
    Year = {2019},
    Eprint = {arXiv:1911.02672},
    Doi = {10.1016/j.jctb.2019.08.001},
}

@misc{1810.06704,
    Author = {Marthe Bonamy and Thomas Perrett and Luke Postle},
    Title = {Colouring Graphs with Sparse Neighbourhoods: Bounds and Applications},
    Year = {2018},
    Eprint = {arXiv:1810.06704},
}

@misc{1803.01051,
    Author = {Marthe Bonamy and Tom Kelly and Peter Nelson and Luke Postle},
    Title = {Bounding $\chi$ by a fraction of {$\Delta$} for graphs without large cliques},
    Year = {2018},
    Eprint = {arXiv:1803.01051},
}

@misc{1811.11806,
    Author = {Tom Kelly and Luke Postle},
    Title = {Fractional coloring with local demands},
    Year = {2018},
    Eprint = {arXiv:1811.11806},
}