@book{main_reference, 
    place={London}, 
    title={Random graphs}, 
    publisher={Academic Press}, 
    author={Bollob\'{a}s B\'{e}la}, 
    year={1985}
}