@book{west,
   title =     {Introduction to Graph Theory},
   author =    {Douglas B. West},
   publisher = {Prentice Hall},
   year =      {2001},
   edition =   {2nd}
}

@book{diestel,
  title     = {Graph theory},
  publisher = {Springer-Verlag Berlin Heidelberg},
  author    = {Diestel, Reinhard},
  year      = {2017},
  edition   = {5th},
  doi       = {10.1007/978-3-662-53622-3}
}